<?xml version="1.0" encoding="UTF-8"?><record xmlns="http://www.loc.gov/MARC21/slim" xmlns:cinclude="http://apache.org/cocoon/include/1.0" xmlns:zs="http://www.loc.gov/zing/srw/">
  <leader>00568nz  a2200169n  4500</leader>
  <controlfield tag="001">no2014141420</controlfield>
  <controlfield tag="003">DLC</controlfield>
  <controlfield tag="005">20141029073547.0</controlfield>
  <controlfield tag="008">141024n| azannaabn          |n aaa     c</controlfield>
  <datafield tag="010" ind1=" " ind2=" ">
    <subfield code="a">no2014141420</subfield>
  </datafield>
  <datafield tag="035" ind1=" " ind2=" ">
    <subfield code="a">(OCoLC)oca09997974</subfield>
  </datafield>
  <datafield tag="040" ind1=" " ind2=" ">
    <subfield code="a">FMFIU</subfield>
    <subfield code="b">eng</subfield>
    <subfield code="e">rda</subfield>
    <subfield code="c">FMFIU</subfield>
  </datafield>
  <datafield tag="046" ind1=" " ind2=" ">
    <subfield code="f">19090503</subfield>
  </datafield>
  <datafield tag="100" ind1="1" ind2=" ">
    <subfield code="a">Feigenblat, Iser,</subfield>
    <subfield code="d">1909-</subfield>
  </datafield>
  <datafield tag="370" ind1=" " ind2=" ">
    <subfield code="a">Zawiercie (Poland)</subfield>
    <subfield code="2">naf</subfield>
  </datafield>
  <datafield tag="375" ind1=" " ind2=" ">
    <subfield code="a">male</subfield>
  </datafield>
  <datafield tag="670" ind1=" " ind2=" ">
    <subfield code="a">Feigenblat, Iser. Interview of Iser Feigenblat, Holocaust survivor, 2014 [VR]:</subfield>
    <subfield code="b">title frame (Iser Feigenblat; survivor) opening frames (born Zawiercie, Poland, May 3, 1909)</subfield>
  </datafield>
</record>